@Article{Anthes_77,
  author = 	 {Anthes, R.A.},
  title = 	 {A cumulus parameterization scheme utilizing a 
one-dimensional cloud model},
  journal = 	 {Monthly Weather Review},
  year = 	 {1977},
  volume = 	 {105},
  pages = 	 {270-286},
}

@Article{Anthes_78,
  author = 	 {Anthes, R.A.and T.T. Warner},
  title = 	 {Development of hydrodynamic models suitable for air pollution and other mesometeorological studies},
  journal = 	 {Monthly Weather Review},
  year = 	 {1978},
  volume = 	 {106},
  pages = 	 {1045-1078},
}

@Article{Anthes_80,
  author = 	 {Anthes, R.A. and N.L. Seaman and T.T. Warner},
  title = 	 {Comparisons of numerical simulations of the planetary boundary layer by a mixed-layer and multi-level model},
  journal = 	 {Monthly Weather Review},
  year = 	 {1980},
  volume = 	 {108},
  pages = 	 {365-376},
}


@TechReport{Anthes_87,
  author = 	 {Anthes, R.A. and E.Y. Hsie and Y.-H. Kuo},
  title = 	 {Description of the Penn State / NCAR mesoscale model version 4 (MM4), NCAR Tech. Note. NCAR/TN-282},
  institution =  {National Center for Atmospheric Research},
  year = 	 {1987},
  OPTkey = 	 {},
  OPTtype = 	 {},
  number = 	 {NCAR/TN-282},
  OPTaddress = 	 {},
  OPTmonth = 	 {},
  OPTnote = 	 {},
  OPTannote = 	 {}
}


@Article{Anthes_89,
  author = 	 {Anthes, R. A. and Y.-H. Kuo and S. Low-Nam and  E.-Y. Hsie and T. M. Bettge},
  title = 	 {Estimation of episodic and climatological skill and uncertainty in regional numerical models},
  journal = 	 {Quarterly Journal of the Royal Meteorological Society},
  year = 	 {1989},
  volume = 	 {115},
  pages = 	 {763-806},
}


@Article{Bates_90,
  author = 	 {Bates, G. T.},
  title = 	 {A case study of the effects of topography on cyclone development in the western united states},
  journal = 	 {Monthly Weather Review},
  year = 	 {1990},
  volume = 	 {118},
  pages = 	 {1808-1825},
}




@Article{Bates_93,
  author = 	 {Bates, G.T. and F. Giorgi and S.W. Hostetler},
  title = 	 {Towards the simulation of the effects of the Great Lakes on regional climate},
  journal = 	 {Monthly Weather Review},
  year = 	 {1993},
  volume = 	 {121},
  pages = 	 {1373-1387},
}


@Article{Bates_95,
  author = 	 {Bates, G.T. and S.W. Hostetler and F. Giorgi},
  title = 	 {Two-year simulation of the Great Lakes region with a coupled modeling system},
  journal = 	 {Monthly Weather Review},
  year = 	 {1995},
  volume = 	 {},
  pages = 	 {1505-1522},
}



@Article{Beheng_94,
  author = 	 {Beheng, K.D.},
  title = 	 {A parameterization of warm cloud microphysical conversion processes},
  journal = 	 {Atmospheric Research},
  year = 	 {1994},
  volume = 	 {33},
  pages = 	 {193-206},
}

@Article{Betts82,
  author =       "Betts, A.K.",
  title =        "Cloud thermodynamic models in saturation point coordinates",
  journal =       JAS,
  year =         "1982",
  volume =       "39",
  pages =        "2182-2191",
}

@Article{Betts86,
  author =       "Betts, A.K.",
  title =        "A new convective adjustment scheme. {P}art {I}:
                  Observational and theoretical basis",
  journal =       QJRMS,
  year =         "1986",
  volume =       "112",
  pages =        "667-691",
}

@Article{Betts87,
  author =       "Betts, A.K. and Harshavardhan",
  title =        "Thermodynamic constraint on the cloud liquid water feedback
                  in climate models",
  journal =       JGR,
  year =         "1987",
  volume =       "92",
  pages =        "8483-8485",
}

@InCollection{Betts93,
  author =       "Betts, A. K. and Miller, M.J.",
  title =        "The {B}etts-{M}iller scheme, {C}hapter 9",
  booktitle =    "The representation of cumulus convection in numerical
                  models of the atmosphere",
  publisher =    "American Meteorological Society",
  year =         "1993",
  series =       "(Eds. K.A. Emanuel and D.J. Raymond),Meteo. Mon.",
  pages =        "107-121",
}

@InCollection{Betts97,
  author =       "Betts, A.K.",
  title =        "The parameterization of deep convection",
  booktitle =    "The physics and parameterization of moist atmospheric
                  convection",
  publisher =    "Kluwer Academic Publishers",
  year =         "1997",
  editor =       "Smith, R.K.",
  pages =        "255-279",
}
h

@Article{Blackadar_79,
  author = 	 {Blackadar, A.K.},
  title = 	 {Boundary layer wind maxima and their significance for the growth of nocturnal inversions},
  journal = 	 {Bulletin of the American Meteorological Society},
  year = 	 {1979},
  volume = 	 {38},
  pages = 	 {283-290},
}


@InBook{Blackadar_79b,
  ALTauthor = 	 {Blackadar, A.K.},
  ALTeditor = 	 {J.R. Pfaffin and E.N. Ziegler},
  title = 	 {High resolution models of the planetary boundary layer in Advances in Environmental Science and Engineering},
  chapter = 	 {},
  publisher = 	 {Gordon and Breach, Newark, N.J.},
  year = 	 {1979},
  pages = 	 {50-85},
}

@Article{Briegleb_92,
  author = 	 {Briegleb, B.P.},
  title = 	 {Delta-Eddington approximation for solar radiation in the NCAR Community Climate Model},
  journal = 	 {Journal of Geophysical Research},
  year = 	 {1992},
  volume = 	 {97},
  pages = 	 {7603-7612},
}





@Article{Dai_99,
  author = 	 {Dai, Aiguo and F. Giorgi and K. E. Trenberth},
  title = 	 {Observed and model-simulated diurnal cycles of precipitation over the contiguous United States},
  journal = 	 {Journal of Geophysical Research},
  year = 	 {1999},
  volume = 	 {104},
  pages = 	 {6377-6402},
}

@Article{Davies_77,
  author = 	 {Davies, H.C. and R.E. Turner},
  title = 	 {Updating prediction models by dynamical relaxation:
An examination of the technique},
  journal = 	 {Quarterly Journal of the Royal Meteorological Society},
  year = 	 {1977},
  OPTkey = 	 {},
  volume = 	 {103},
  OPTnumber = 	 {},
  pages = 	 {225-245},
  OPTmonth = 	 {},
  OPTnote = 	 {},
  OPTannote = 	 {}
}


@Article{Deardoff_78,
  author = 	 {Deardoff, J.W.},
  title = 	 {Efficient prediction of ground surface temperature and moisture with inclusion of a 
layer of vegetation},
  journal = 	 {Journal of Geophysical Research},
  year = 	 {1978},
  volume = 	 {83},
  pages = 	 {1889-1903},
}




@InBook{Dickinson_84,
  ALTauthor = 	 {Dickinson, R.E.},
  ALTeditor = 	 {Hansen, J.E. and T. Takahashi},
  title = 	 {Climate Processes and Climate Sensitivity},
  chapter = 	 {Modeling evapotranspiration processes for three-dimensional global climate models},
  publisher = 	 {American Geophysical Union},
  year = 	 {1984},
  pages = 	 {52-72}
}

@TechReport{Dickinson_86,
  author = 	 {Dickinson, R.E. and P.J. Kennedy and A. Henderson-Sellers and M. Wilson},
  title = 	 {Biosphere-Atmosphere Transfer Scheme (BATS) for the NCAR Community Climate
Model},
  institution =  {National Center for Atmospheric Research},
  year = 	 {1986},
  number = 	 {NCARE/TN-275+STR},
}


@Article{Dickinson_89,
  author = 	 {Dickinson, R.E. and R.M. Errico and F. Giorgi and G.T. Bates},
  title = 	 {A regional climate model for the western united states},
  journal = 	 {Climate Change},
  year = 	 {1989},
  volume = 	 {15},
  pages = 	 {383-422},
}


@TechReport{Dickinson_93,
  author = 	 {Dickinson, R.E. and  A. Henderson-Sellers and P.J. Kennedy},
  title = 	 {Biosphere-Atmosphere Transfer Scheme (BATS) version 1E as coupled to the NCAR Community Climate Model},
  institution =  {National Center for Atmospheric Research},
  year = 	 {1993},
  OPTkey = 	 {},
  OPTtype = 	 {},
  OPTnumber = 	 {},
  OPTaddress = 	 {},
  OPTmonth = 	 {},
  OPTnote = 	 {},
  OPTannote = 	 {}
}


@ARTICLE{Emanuel_91,
  author  = {Emanuel, K. A.},
  title   = {A scheme for representing cumulus convection in 
large-scale models},
  year    = {1991},
  journal = {Quart. J. Roy. Meteor.Soc.},
  volume  = {48},
  pages   = {2313-2335},
}


@Article{Fritsch_80,
  author = 	 {Fritsch, J. M. and C. F. Chappell},
  title = 	 {Numerical prediction of convectively driven mesoscale pressure systems. 
Part I: Convective parameterization},
  journal = 	 {Journal of Atmospheric Sciences},
  year = 	 {1980},
  volume = 	 {37},
  pages = 	 {1722-1733},
}



@Article{Giorgi_02,
  author = 	 {Giorgi, F. and X.Q. Bi and Y. Qian},
  title = 	 {Radiative forcing and regional climatic effects of 
anthropogenic aerosols over East Asia:  A regional coupled climate-chemistry/aerosols model study},
  journal = 	 {Journal of Geophysical Research},
  year = 	 {2002},
  OPTkey = 	 {},
  volume = 	 {107},
  OPTnumber = 	 {},
  pages = 	 {},
  OPTmonth = 	 {},
  OPTnote = 	 {},
  OPTannote = 	 {}
}

@Article{Giorgi_03,
  author = 	 {Giorgi, F. and Raquel Francisco and Jeremy Pal},
  title = 	 {Effects of a Subgrid-Scale Topography and Land Use Scheme on the Simulation of Surface 
Climate and Hydrology.  Part 1:  Effects of Temperature and Water Vapor Disaggregation.},
  journal = 	 {Journal of Hydrometeorology},
  year = 	 {2003},
  OPTkey = 	 {},
  volume = 	 {4},
  OPTnumber = 	 {},
  pages = 	 {317-333},
  OPTmonth = 	 {},
  OPTnote = 	 {},
  OPTannote = 	 {}
}

@Article{Giorgi_03b,
  author = 	 {Giorgi, F. and X.Q. Bi and Y. Qian},
  title = 	 {Indirect vs. direct effects of anthropogenic sulfate 
on the climate of East Asia as simulated with a regional coupled 
climate-chemistry/aerosol model},
  journal = 	 {Climate Change},
  year = 	 {2003},
  OPTkey = 	 {},
  volume = 	 {58},
  OPTnumber = 	 {},
  pages = 	 {345-376},
  OPTmonth = 	 {},
  OPTnote = 	 {},
  OPTannote = 	 {}
}

@Article{Giorgi_89,
  author = 	 {Giorgi, F.},
  title = 	 {Two-dimensional simulations of possible mesoscale effects of nuclear war fires},
  journal = 	 {Journal of Geophysical Research},
  year = 	 {1989},
  volume = 	 {94},
  pages = 	 {1127-1144},
}


@Article{Giorgi_89b,
  author = 	 {Giorgi, F. and G.T. Bates},
  title = 	 {The climatological skill of a regional model over complex terrain},
  journal = 	 {Monthly Weather Review},
  year = 	 {1989},
  volume = 	 {117},
  pages = 	 {2325-2347},
}


@Article{Giorgi_90,
  author = 	 {Giorgi, F.},
  title = 	 {Simulation of regional climate using a limited area model nested in a general circulation model},
  journal = 	 {Journal of Climate},
  year = 	 {1990},
  volume = 	 {3},
  pages = 	 {941-963},
}


@Article{Giorgi_90b,
  author = 	 {Giorgi, F. and M.R. Marinucci and G. Visconti},
  title = 	 {Use of a limited-area model nested in a general circulation model for regional climate simulation over Europe},
  journal = 	 {Journal of Geophysical Research},
  year = 	 {1990},
  volume = 	 {95},
  pages = 	 {18413-18431},
}


@Article{Giorgi_90c,
  author = 	 {Giorgi, F.},
  title = 	 {Sensitivity of simulated wintertime precipitation and soil hydrology simulation over the western United States to lower boundary specifications},
  journal = 	 {Atmos. Ocean},
  year = 	 {1990},
  volume = 	 {28},
  pages = 	 {1-23},
}


@Article{Giorgi_91,
  author = 	 {Giorgi, F. and L.O. Mearns},
  title = 	 {Approaches to regional climate change simulation: A review},
  journal = 	 {Review of Geophysics},
  year = 	 {1991},
  volume = 	 {29},
  pages = 	 {191-216},
}


@Article{Giorgi_91b,
  author = 	 {Giorgi, F.},
  title = 	 {Sensitivity of simulated summertime precipitation over the western United States to different physics parameterization},
  journal = 	 {Monthly Weather Review},
  year = 	 {1991},
  volume = 	 {119},
  pages = 	 {2870-2888},
}


@Article{Giorgi_91c,
  author = 	 {Giorgi, F. and M.R. Marinucci},
  title = 	 {Validation of a regional atmospheric model over Europe: Sensitivity of wintertime and summertime simulations to selected 
physics parameterizations and lower boundary conditions},
  journal = 	 {Quarterly Journal of the Royal Meteorological Society},
  year = 	 {1991},
  volume = 	 {117},
  pages = 	 {1171-1206},
}


@Article{Giorgi_92,
  author = 	 {Giorgi, F. and G.T. Bates and S.J. Nieman},
  title = 	 {Simulation of the arid climate of the southern Great Basin using a regional climate model},
  journal = 	 {Bulletin of the American Meteorological Society},
  year = 	 {1992},
  volume = 	 {73},
  number = 	 {11},
  pages = 	 {1807-1822},
}


@Article{Giorgi_92b,
  author = 	 {Giorgi, F. and R. Marinucci and G. Visconti},
  title = 	 {2xCO2 climate change scenario over Europe generated using a limited area model nested in a general circulation model, 2},
  journal = 	 {Climate Change Scenario},
  year = 	 {1992},
  volume = 	 {97},
  pages = 	 {10011-10028},
}



@Article{Giorgi_93,
  author = 	 {Giorgi, F. and G.T. Bates and S.J. Nieman},
  title = 	 {The multi-year surface climatology of a regional atmospheric model over the western United States},
  journal = 	 {Journal of Climate},
  year = 	 {1993},
  volume = 	 {6},
  pages = 	 {75-95},
}


@Article{Giorgi_93b,
  author = 	 {Giorgi, F. and M.R. Marinucci and G.T. Bates},
  title = 	 {Development of a second generation regional climate model (RegCM2) I: Boundary layer and radiative transfer processes},
  journal = 	 {Monthly Weather Review},
  year = 	 {1993},
  volume = 	 {121},
  pages = 	 {2794-2813},
}


@Article{Giorgi_93c,
  author = 	 {Giorgi, F. and M.R. Marinucci and G.T. Bates and G. DeCanio},
  title = 	 {Development of a second generation regional climate model (RegCM2) II: Convective processes and assimilation of lateral boundary conditions},
  journal = 	 {Monthly Weather Review},
  year = 	 {1993},
  volume = 	 {121},
  pages = 	 {2814-2832},
}


@Article{Giorgi_94,
  author = 	 {Giorgi, F. and  S.W. Hostetler and C. Shields Brodeur},
  title = 	 {Analysis of the surface hydrology in a regional climate model},
  journal = 	 {Quarterly Journal of the Royal Meteorological Society},
  year = 	 {1994},
  volume = 	 {120},
  pages = 	 {161-183},
}


@Article{Giorgi_94b,
  author = 	 {Giorgi, F. and  C. Shields and Brodeur and G.T. Bates},
  title = 	 {Regional climate change scenarios over the United States produced with a nested regional climate model: Spatial and seasonal characteristics},
  journal = 	 {Journal of Climate},
  year = 	 {1994},
  volume = 	 {7},
  pages = 	 {375-399},
}


@Article{Giorgi_95,
  author = 	 {Giorgi, F.},
  title = 	 {Perspectives for regional earth system modeling},
  journal = 	 {Global Planet Change},
  year = 	 {1995},
  volume = 	 {10},
  pages = 	 {941-963},
}





@Article{Giorgi_96,
  author = 	 {Giorgi, F. and M.R. Marinucci},
  title = 	 {An investigation of the sensitivity of simulated precipitation to the model resolution and its implications for climate studies},
  journal = 	 {Monthly Weather Review},
  year = 	 {1996},
  volume = 	 {124},
  pages = 	 {148-166},
}




@Article{Giorgi_96b,
  author = 	 {Giorgi, F. and L. Mearns and C. Shields and L.Mayer},
  title = 	 {A regional model study of the importance of local versus remote controls of the 1988 drought and the 
1993 flood over the central United States},
  journal = 	 {Journal of Climate},
  year = 	 {1996},
  volume = 	 {9},
  pages = 	 {1150-1162},
}


@Article{Giorgi_98,
  author = 	 {Giorgi, F. and L. Mearns and C. Shields and L. McDaniel},
  title = 	 {Regional nested model simulations of present day and 2xCO2 climate over the Central Great Plains of the United States},
  journal = 	 {Climate Change},
  year = 	 {1998},
  volume = 	 {40},
  pages = 	 {457-493},
}


@Article{Giorgi_99,
  author = 	 {Giorgi, F. and L. O. Mearns},
  title = 	 {Introduction to special section: Regional climate modeling revisited},
  journal = 	 {Journal of Geophysical Research},
  year = 	 {1999},
  volume = 	 {104},
  pages = 	 {6335-6352},
}


@Article{Giorgi_99b,
  author = 	 {Giorgi, F. and Y. Huang and K. Nishizawa and C.-B. Fu},
  title = 	 {A seasonal cycle simulation over eastern Asia and its sensitivity to radiative transfer and surface processes},
  journal = 	 {Journal of Geophysical Research},
  year = 	 {1999},
  volume = 	 {104},
  pages = 	 {6403-6423},
}

@TechReport{Grell_1994,
  author =       "Grell, G.A. and Dudhia, J. and  Stauffer,D.R.",
  title =        "A description of the fifth-generation {P}enn
                  {S}tate/{N}{C}{A}{R} Mesoscale Model ({M}{M}5). {T}ech. {N}ote {T}{N}-398+{I}{A}",
  institution =  "National Center for Atmospheric Research",
  year =         1994
}

@Article{Grell_91,
  author = 	 {Grell, G. and Y.-H. Kuo and R. J. Pasch},
  title = 	 {Semi-prognostic tests of cumulus parameterization schemes in the middle latitudes},
  journal = 	 {Monthly Weather Review},
  year = 	 {1991},
  volume = 	 {119},
  pages = 	 {5-31},
}

@Article{Grell_93,
  author = 	 {Grell, G.},
  title = 	 {Prognostic evaluation of assumptions used by cumulus parameterizations},
  journal = 	 {Monthly Weather Review},
  year = 	 {1993},
  volume = 	 {121},
  pages = 	 {764-787},
}


@TechReport{Grell_94,
  author = 	 {Grell, G. A. and J. Dudhia and D. R. Stauffer},
  title = 	 {A description of the fifth-generation Penn State/NCAR 
mesoscale model (MM5)},
  institution =  {National Center for Atmospheric Research},
  year = 	 {1994},
  number = 	 {NCAR/TN-398+STR},
  OPTnote = 	 {NCAR Technical Note},
}


@TechReport{Hack_93,
  author = 	 {Hack, J.J. and B.A. Boville and B.P. Briegleb and J.T. Kiehl and P.J. Rasch and D.L. Williamson},
  title = 	 {Description of the NCAR Community Climate Model (CCM2)},
  institution =  {National Center for Atmospheric Research},
  year = 	 {1993},
  OPTkey = 	 {},
  OPTtype = 	 {},
  number = 	 {NCAR/TN-382+STR},
  OPTaddress = 	 {},
  OPTmonth = 	 {},
  OPTnote = 	 {},
  OPTannote = 	 {}
}



@Article{Henderson-Sellers_86,
  author = 	 {Henderson-Sellers, B.},
  title = 	 {Calculating the Surface Energy Balance for Lake and Reservoir Modeling:  A review},
  journal = 	 {Rev. Geophys.},
  year = 	 {1986},
  OPTkey = 	 {},
  volume = 	 {24},
  number = 	 {3},
  pages = 	 {625-649},
  OPTmonth = 	 {},
  OPTnote = 	 {},
  OPTannote = 	 {}
}

@Article{Hirakucci_95,
  author = 	 {Hirakucci, H. and F. Giorgi},
  title = 	 {Multiyear present-day and 2xCO2 simulations of monsoon-dominated climate over eastern 
Asia and Japan with a regional climate model nested in a general circulation model},
  journal = 	 {Journal of Geophysical Research},
  year = 	 {1995},
  volume = 	 {100},
  pages = 	 {21105-21125},
}


@Article{Holtslag_89,
  author = 	 {Holtslag, A.A.M. and B.A. Boville},
  title = 	 {Local versus nonlocal boundary-layer diffusion in a global climate model},
  journal = 	 {Journal of Climate},
  year = 	 {1989},
  volume = 	 {6},
  pages = 	 {1825-1842},
}

@Article{Holtslag_90,
  author = 	 {Holtslag, A.A.M. and E.I.F. de Bruijn and H.-L. Pan},
  title = 	 {A high resolution air mass transformation model for short-range weather forecasting},
  journal = 	 {Monthly Weather Review},
  year = 	 {1990},
  volume = 	 {118},
  pages = 	 {1561-1575},
}


@Article{Holtslag_93,
  author = 	 {Holtslag, A.A.M. and B.A. Boville},
  title = 	 {Local versus nonlocal boundary-layer diffusion in a global climate model},
  journal = 	 {Journal of Climate},
  year = 	 {1993},
  volume = 	 {6},
  OPTnumber = 	 {},
  pages = 	 {},
  OPTmonth = 	 {},
  OPTnote = 	 {},
  OPTannote = 	 {}
}



@Article{Hostetler_93,
  author = 	 {Hostetler, S.W. and Bates, G.T. and F. Giorgi},
  title = 	 {Interactive nesting of a lake thermal model within a regional climate model for climate change studies},
  journal = 	 {Geophysical Research},
  year = 	 {1993},
  volume = 	 {98},
  pages = 	 {5045-5057},
}

@Article{Hostetler_94,
  author = 	 {Hostetler, S.W. and F. Giorgi and G.T. Bates},
  title = 	 {Role of lake-atmosphere feedbacks in sustaining Lakes Bonneville and Lahontan 18,000 years ago},
  journal = 	 {Science},
  year = 	 {1994},
  volume = 	 {263},
  pages = 	 {265-268},
}

@Article{Hostetler_94b,
  author = 	 {Hostetler, S.W. and F. Giorgi and G.T. Bates and P.J. Bartlein},
  title = 	 {Lake-atmosphere feedbacks associated with Paleolakes Bonneville and Lahontan},
  journal = 	 {Science},
  year = 	 {1994},
  pages = 	 {665-668},
}

@Article{Hsie_84,
  author = 	 {Hsie, E.Y. and R.A. Anthes and D. Keyser},
  title = 	 {Numerical simulation of frontogenisis in a moist atmosphere},
  journal = 	 {Journal of Atmospheric Sciences},
  year = 	 {1984},
  volume = 	 {41},
  pages = 	 {2581-2594},
}


@Article{Kato_99,
  author = 	 {Kato, H. and H. Hirakuchi and K. Nishizawa and F. Giorgi},
  title = 	 {Performance of NCAR RegCM in the simulation of June and January climate over eastern 
Asia and the high-resolution effect of the model},
  journal = 	 {Journal of Geophysical Research},
  year = 	 {1999},
  volume = 	 {104},
  pages = 	 {6455-6476},
}


@TechReport{Kiehl_96,
  author = 	 {Kiehl, J.T. and J.J. Hack and G.B. Bonan and B.A. Boville and B.P. Breigleb and D.L. Williamson and P.J. Rasch},
  title = 	 {Description of the NCAR Community Climate Model (CCM3)},
  institution =  {National Center for Atmospheric Research},
  year = 	 {1996},
  OPTkey = 	 {},
  OPTtype = 	 {},
  number = 	 {NCAR/TN-420+STR},
  OPTaddress = 	 {},
  OPTmonth = 	 {},
  OPTnote = 	 {},
  OPTannote = 	 {}
}


@Article{Kuo_74,
  author = 	 {Kuo, S.-L.},
  title = 	 {Further studies of the parameterization of the effect of cumulus convection on large-scale flow},
  journal = 	 {Journal of Atmospheric Sciences},
  year = 	 {1974},
  volume = 	 {31},
  pages = 	 {1232-1240},
}

@Article{Leung_99,
  author = 	 {Leung, L.R. and S.J. Ghan and Z.-C. Zhao and Y. Luo and W.-C. Wang and H.-L. Wei},
  title = 	 {Intercomparison of regional climate simulations of the 1991 summer monsoon in eastern Asia},
  journal = 	 {Journal of Geophysical Research},
  year = 	 {1999},
  volume = 	 {104},
  pages = 	 {6425-6454},
}

@Article{Liu_94,
  author = 	 {Liu, Y.-Q. and F. Giorgi and W. Washington},
  title = 	 {Simulation of summer monsoon climate over East Asia with NCAR regional climate model},
  journal = 	 {Monthly Weather Review},
  year = 	 {1994},
  volume = 	 {122},
  pages = 	 {2331-2348},
}

@Article{Liu_96,
  author = 	 {Liu, Y.-Q. and R. Avissar and F. Giorgi},
  title = 	 {A simulation with the regional climate model RegCM2 of extremely anomalous precipitation 
during the 1991 East Asian flood: An evaluation study},
  journal = 	 {Journal of Geophysical Research},
  year = 	 {1996},
  volume = 	 {101},
  pages = 	 {26199-26216},
}




@Article{Marinucci_92,
  author = 	 {Marinucci, M.R. and F. Giorgi},
  title = 	 {A 2xCO2 climate change scenario over Europe generated using a limited area model nested in 
a general circulation model, I: Present-day climate simulation},
  journal = 	 {Journal of Geophysical Research},
  year = 	 {1992},
  volume = 	 {97},
  pages = 	 {9989-10009},
}

@Article{Mearns_95,
  author = 	 {Mearns, L.O. and F. Giorgi and L. McDaniel and C. Shields Brodeur},
  title = 	 {Analysis of daily variability and diurnal range of temperature in a nested regional 
climate models: Comparison with observations and doubled CO2 results},
  journal = 	 {Climate Dynamics},
  year = 	 {1995},
  volume = 	 {11},
  pages = 	 {193-209},
}





@Article{Mearns_99,
  author = 	 {Mearns, L.O. and I. Bogardi and  F. Giorgi and I. Matyasovszky and M. Palecki},
  title = 	 {Comparison of climate change scenarios generated from regional climate model experiments and statistical downscaling},
  journal = 	 {Journal of Geophysical Research},
  year = 	 {1999},
  volume = 	 {104},
  pages = 	 {6603-6621},
}

@Article{Mearns_99b,
  author = 	 {Mearns, L.O. and  T. Mavromatis and E. Tsvetsinskaya},
  title = 	 {Comparative responses of EPIC and CERES crop models to high and low spatial resolution climate change scenarios},
  journal = 	 {Journal of Geophysical Research},
  year = 	 {1999},
  volume = 	 {104},
  pages = 	 {6623-6646},
}


@Article{Pal_00,
  author = 	 {Pal, J.S. and E.E. Small and E.A.B. Eltahir},
  title = 	 {Simulation of regional-scale water and energy budgets: Representation of subgrid 
cloud and precipitation processes within RegCM},
  journal = 	 {Journal of Geophysical Research-Atmospheres},
  year = 	 {2000},
  volume = 	 {105},
  number = 	 {D24},
  pages = 	 {29579-29594},
}


@Article{Pan_99,
  author = 	 {Pan, Z.-T. and E. Takle and M. Segal and R. Arritt},
  title = 	 {Simulation of potential impacts of man-made land use changes on U.S. summer climate under various synoptic regimes},
  journal = 	 {Journal of Geophysical Research},
  year = 	 {1999},
  volume = 	 {104},
  pages = 	 {6515-6528},
}

@Article{Patterson_88,
  author = 	 {Patterson, J.C. and P.F. Hamblin},
  title = 	 {Thermal simulation of a lake with winter ice cover},
  journal = 	 {Limn. Oceanography},
  year = 	 {1988},
  volume = 	 {33},
  pages = 	 {323-338},
}

@Article{Perkey_76,
  author = 	 {Perkey, D.J. and C.W. Kreitzberg},
  title = 	 {A time-dependent lateral boundary scheme for limited -area primitive equation models},
  journal = 	 {Monthly Weather Review},
  year = 	 {1976},
  OPTkey = 	 {},
  volume = 	 {104},
  OPTnumber = 	 {},
  pages = 	 {744-755},
}

@Article{Qian_01,
  author = 	 {Qian, Y. and F. Giorgi and Y. Huang},
  title = 	 {Regional simulation of anthropogenic sulfur over East 
Asia and its sensitivity to model parameters},
  journal = 	 {Tellus},
  year = 	 {2001},
  OPTkey = 	 {},
  volume = 	 {53},
  OPTnumber = 	 {},
  pages = 	 {171-191},
  OPTmonth = 	 {},
  OPTnote = 	 {},
  OPTannote = 	 {}
}

@Article{Qian_99,
  author = 	 {Qian, J.-H. and  F. Giorgi and M. Fox-Rabinovitz},
  title = 	 {Regional stretched grid generation and its application to the NCAR RegCM},
  journal = 	 {Journal of Geophysical Research},
  year = 	 {1999},
  volume = 	 {104},
  pages = 	 {6501-6513},
}

@Article{Seth_98,
  author = 	 {Seth, A. and F. Giorgi},
  title = 	 {The effect of domain choice on summer precipitation simulation and sensitivity in a regional climate model},
  journal = 	 {Journal of Climate},
  year = 	 {1998},
  volume = 	 {11},
  pages = 	 {2698-2712},
}

@Article{Shea_92,
  author = 	 {Shea, D.J. and  K.E. Trenberth and R.W. Reynolds},
  title = 	 {A global monthly sea surface temperature climatology},
  journal = 	 {Journal of Climate},
  year = 	 {1992},
  volume = 	 {5},
  pages = 	 {987-1001},
}

@Article{Slingo_80,
  author = 	 {Slingo, J.M.},
  title = 	 {A cloud parameterization scheme derived from GATE data for use with a numerical model},
  journal = 	 {Quarterly Journal of the Royal Meteorological Society},
  year = 	 {1980},
  OPTkey = 	 {},
  volume = 	 {106},
  OPTnumber = 	 {},
  pages = 	 {341-362},
  OPTmonth = 	 {},
  OPTnote = 	 {},
  OPTannote = 	 {}
}



@Article{Slingo_89,
  author = 	 {Slingo, J.M.},
  title = 	 {A GCM parameterization for the shortwave radiative properties of water clouds},
  journal = 	 {Journal of Atmospheric Sciences},
  year = 	 {1989},
  OPTkey = 	 {},
  volume = 	 {46},
  OPTnumber = 	 {},
  pages = 	 {1419-1427},
  OPTmonth = 	 {},
  OPTnote = 	 {},
  OPTannote = 	 {}
}

@Article{Small_99,
  author = 	 {Small, E.E. and F. Giorgi and L.C. Sloan},
  title = 	 {Regional climate model simulation of precipitation in central Asia: Mean and interannual variability},
  journal = 	 {Journal of Geophysical Research},
  year = 	 {1999},
  volume = 	 {104},
  pages = 	 {6563-6582},
}



@Article{Small_99b,
  author = 	 {Small, E.E. and L.C. Sloan},
  title = 	 {Simulating the water balance of the Aral Sea with a coupled regional climate-lake model},
  journal = 	 {Journal of Geophysical Research},
  year = 	 {1999},
  volume = 	 {104},
  pages = 	 {6583-6602},
}

                            
@Article{Sun_99,
  author = 	 {Sun, L.-Q. and F.H.M. Semazzi and  F. Giorgi and L. Ogallo},
  title = 	 {Application of the NCAR regional climate model to eastern Africa, 1. Simulation of the short rains of 1988},
  journal = 	 {Journal of Geophysical Research},
  year = 	 {1999},
  volume = 	 {104},
  pages = 	 {6529-6548}
}


@Article{Sun_99b,
  author = 	 {Sun, L.-Q. and  F.H.M. Semazzi and  F. Giorgi and L. Ogallo},
  title = 	 {Application of the NCAR regional climate model to eastern Africa, 2. Simulation of interannual variability of short rains},
  journal = 	 {Journal of Geophysical Research},
  year = 	 {1999},
  volume = 	 {104},
  pages = 	 {6549-6562}
}


@Article{Sundqvist_89,
  author = 	 {Sundqvist, H. and E. Berge and J.E. Kristjansson},
  title = 	 {The effects of domain choice on summer precipitation simulation and sensitivity in a 
regional climate model},
  journal = 	 {Journal of Climate},
  year = 	 {1989},
  volume = 	 {11},
  pages = 	 {2698-2712},
}



@TechReport{Trenberth_92,
  author = 	 {Trenberth, K.E.},
  title = 	 {Global analyses from ECMWF and atlas of 1000 to 10mb circulation statistics},
  institution =  {National Center for Atmospheric Research},
  year = 	 {1992},
  number = 	 {NCAR/TN-373+STR}
}


@Article{Zeng_98,
  author = 	 {Zeng, Xubin and Ming Zhao and Robert E. Dickinson},
  title = 	 {Intercomparison of Bulk Aerodynamic  Algoriths for the Computation of Sea Surface Fluxes Using TOGA 
COARE and TAO Data},
  journal = 	 {Journal of Climate},
  year = 	 {1998},
  volume = 	 {11},
  pages = 	 {2628-2644},
}


@Article{Zhang88,
  author =       "Zhang, D.-L. and Hsie, E.-Y. and Moncrieff, M.W.",
  title =        "A comparison of explicit and implicit predictions of
                  convective and stratiform precipitating weather systems
		  with a meso-$\beta$-scale numerical model",
  journal =       QJRMS,
  year =         "1988",
  volume =       "114",
  pages =        "31-60",
}

@Article{Zhang_95,
  author = 	 {Zhang, G.-J. and N.A. McFarlane},
  title = 	 {Sensitivity of climate simulations to parameterization of cumulus convection in the Canadian Climate Centre general circulation model},
  journal = 	 {Atmos. Ocean},
  year = 	 {1995},
  volume = 	 {33},
  pages = 	 {407-446}
}



