%%
%%   This file is part of ICTP RegCM.
%%
%%   ICTP RegCM is free software: you can redistribute it and/or modify
%%   it under the terms of the GNU General Public License as published by
%%   the Free Software Foundation, either version 3 of the License, or
%%   (at your option) any later version.
%%
%%   ICTP RegCM is distributed in the hope that it will be useful,
%%   but WITHOUT ANY WARRANTY; without even the implied warranty of
%%   MERCHANTABILITY or FITNESS FOR A PARTICULAR PURPOSE.  See the
%%   GNU General Public License for more details.
%%
%%   You should have received a copy of the GNU General Public License
%%   along with ICTP RegCM.  If not, see <http://www.gnu.org/licenses/>.
%%

@Article{CFL,
  author = {R. Courant, K. Friedrichs and H. Lewy},
  title  = {\"Uber die partiellen Differenzengleichungen der mathematischen
    Physik},
  journal = {Mathematische Annalen}, 
  volume = {100},
  number = {1},
  pages = {32â€“74},
  year = {1928}
}

@TechReport{refman_11,
  author = 	 {Giorgi, Filippo},
  title = 	 {RegCM Version 4.1 Reference Manual},
  institution =  {ICTP Trieste},
  year = 	 {2011},
  key = 	 {},
  type = 	 {},
  number = 	 {},
  address = 	 {},
  month = 	 {06},
  note = 	 {},
  annote = 	 {}
}
